@ARTICLE{Desouza, 
author={G. N. Desouza and A. C. Kak}, 
journal={IEEE Transactions on Pattern Analysis and Machine Intelligence}, 
title={Vision for mobile robot navigation: a survey}, 
year={2002}, 
volume={24}, 
number={2}, 
pages={237-267}, }

@Article{Bonin-Font2008,
author="Bonin-Font, Francisco
and Ortiz, Alberto
and Oliver, Gabriel",
title="Visual Navigation for Mobile Robots: A Survey",
journal="Journal of Intelligent and Robotic Systems",
year="2008",
month="May",
day="01",
volume="53",
number="3",
pages="263",}

@article{Rubayat,
        author = {S.m. Rubayat Islam and Shanjida Shawkat and Sumit Bhattacharyya and Md. Khaled Hossain},
        title = {Article: Differential Drive Adaptive Proportional-Integral-Derivative (PID) Controlled Mobile Robot Speed Synchronization},
        journal = {International Journal of Computer Applications},
        year = {2014},
        volume = {108},
        number = {20},
        pages = {5-8},
        month = {December},
        note = {Full text available}
}

@article{Samson,
 author = {Samson, Claude},
 title = {Time-varying Feedback Stabilization of Car-like Wheeled Mobile Robots},
 journal = {Int. J. Rob. Res.},
 issue_date = {Feb. 1993},
 volume = {12},
 number = {1},
 month = feb,
 year = {1993},
 issn = {0278-3649},
 pages = {55â€“64}}
 
@INPROCEEDINGS{Sung-On, 
author={Sung-On Lee and Young-Jo Cho and Myung Hwang-Bo and Bum-Jae You and Sang-Rok Oh}, 
booktitle={Proceedings. 2000 IEEE/RSJ International Conference on Intelligent Robots and Systems (IROS 2000) (Cat. No.00CH37113)}, 
title={A stable target-tracking control for unicycle mobile robots}, 
year={2000}, 
volume={3}, 
number={}, 
pages={1822-1827 vol.3}}


@INPROCEEDINGS{Matoui, 
author={F. Matoui and B. Boussaid and M. N. Abdelkrim}, 
booktitle={2015 16th International Conference on Sciences and Techniques of Automatic Control and Computer Engineering (STA)}, 
title={Local minimum solution for the potential field method in multiple robot motion planning task}, 
year={2015}, 
volume={}, 
number={}, 
pages={452-457}, }



@ARTICLE{Woods, 
author={A. C. Woods and H. M. La}, 
journal={IEEE Transactions on Systems, Man, and Cybernetics: Systems}, 
title={A Novel Potential Field Controller for Use on Aerial Robots}, 
year={2017}, 
pages={1-12}, }


@ARTICLE{Merheb, 
author={A. R. Merheb and V. Gazi and N. Sezer-Uzol}, 
journal={IEEE/ASME Transactions on Mechatronics}, 
title={Implementation Studies of Robot Swarm Navigation Using Potential Functions and Panel Methods}, 
year={2016}, 
volume={21}, 
number={5}, 
pages={2556-2567}, }

